<?xml version="1.0" encoding="UTF-8"?><collection xmlns="http://www.loc.gov/MARC21/slim"><record><leader>00515nam--2200169-i-4500</leader><controlfield tag="001">000007534</controlfield><controlfield tag="002">20161230</controlfield><controlfield tag="005">20161230201027</controlfield><controlfield tag="008">060222s1000------------r-----000-0-eng-d</controlfield><datafield ind1=" " ind2=" " tag="040"><subfield code="a">IFIN-HH</subfield></datafield><datafield ind1=" " ind2=" " tag="080"><subfield code="a">519.283:681.3.06</subfield></datafield><datafield ind1="1" ind2=" " tag="100"><subfield code="a">Aris, Rutherford</subfield></datafield><datafield ind1="1" ind2="0" tag="245"><subfield code="a">Discrete dynamic programming. an indtroduction to the optimization of staged processes</subfield><subfield code="c">Rutherford aris</subfield></datafield><datafield ind1=" " ind2=" " tag="260"><subfield code="a">New York</subfield><subfield code="b">Blaisdell Publishing Company</subfield><subfield code="c">1964</subfield></datafield><datafield ind1=" " ind2=" " tag="300"><subfield code="a">X + 148 P</subfield></datafield><datafield ind1=" " ind2=" " tag="852"><subfield code="a">22955</subfield><subfield code="c">519.283</subfield></datafield><datafield ind1=" " ind2=" " tag="CAT"><subfield code="a">Sys</subfield><subfield code="c">20130807</subfield><subfield code="h">132416</subfield></datafield></record></collection>